
@article{stevens_theory_1946,
	title = {On the {Theory} of {Scales} of {Measurement}},
	volume = {103},
	issn = {00368075, 10959203},
	url = {http://www.jstor.org/stable/1671815},
	number = {2684},
	journal = {Science},
	author = {Stevens, Stanley S.},
	year = {1946},
	pages = {677--680}
}

@book{hollander_nonparametric_2014,
	address = {Hoboken, New Jersey},
	edition = {Third edition},
	title = {Nonparametric statistical methods},
	isbn = {978-0-470-38737-5},
	publisher = {John Wiley \& Sons, Inc},
	author = {Hollander, Myles and Wolfe, Douglas A. and Chicken, Eric},
	year = {2014},
	keywords = {MATHEMATICS / Probability \& Statistics / General, Nonparametric statistics}
}

@book{magallanes_reyes_introducing_2017,
	address = {Cambridge, United Kingdom New York, USA Port Melbourne, Australia Delhi, India Singapore},
	title = {Introducing to data science for social and policy research: collecting to organizing data with {R} and {Python}},
	isbn = {978-1-107-54025-5 978-1-107-11741-9},
	shorttitle = {Introducing to data science for social and policy research},
	language = {eng},
	publisher = {Cambridge University Press},
	author = {Magallanes Reyes, Jose Manuel},
	year = {2017},
	note = {OCLC: 998518603}
}